@article{johannesen2016machine,
  title={Machine learning identification of EEG features predicting working memory performance in schizophrenia and healthy adults},
  author={Johannesen, Jason K and Bi, Jinbo and Jiang, Ruhua and Kenney, Joshua G and Chen, Chi-Ming A},
  journal={Neuropsychiatric electrophysiology},
  volume={2},
  number={1},
  pages={1--21},
  year={2016},
  publisher={Springer}
  }
# same sample as in
@article{brandt2020respiratory,
  title={Respiratory Sinus Arrhythmia Correlates with Depressive Symptoms Following Mild Traumatic Brain Injury},
  author={Brandt, Emma and Wilson, J Kevin and Rieger, Rebecca E and Gill, Darbi and Mayer, Andrew R and Cavanagh, James F},
  journal={Journal of Psychophysiology},
  year={2020},
  publisher={Hogrefe Publishing}
}
@article{broadway2019executive,
  title={Executive function predictors of delayed memory deficits after mild traumatic brain injury},
  author={Broadway, James M and Rieger, Rebecca E and Campbell, Richard A and Quinn, Davin K and Mayer, Andrew R and Yeo, Ronald A and Wilson, J Kevin and Gill, Darbi and Fratzke, Violet and Cavanagh, James F},
  journal={cortex},
  volume={120},
  pages={240--248},
  year={2019},
  publisher={Elsevier}
}
# same task as in
@article{broadway2018dopamine,
  title={Dopamine D2 agonist affects visuospatial working memory distractor interference depending on individual differences in baseline working memory span},
  author={Broadway, James M and Frank, Michael J and Cavanagh, James F},
  journal={Cognitive, Affective, \& Behavioral Neuroscience},
  volume={18},
  number={3},
  pages={509--520},
  year={2018},
  publisher={Springer}
}

# working memory generic
@incollection{baddeley1974working,
  title={Working memory},
  author={Baddeley, Alan D and Hitch, Graham},
  booktitle={Psychology of learning and motivation},
  volume={8},
  pages={47--89},
  year={1974},
  publisher={Elsevier}
}
@article{kane2002role,
  title={The role of prefrontal cortex in working-memory capacity, executive attention, and general fluid intelligence: An individual-differences perspective},
  author={Kane, Michael J and Engle, Randall W},
  journal={Psychonomic bulletin \& review},
  volume={9},
  number={4},
  pages={637--671},
  year={2002},
  publisher={Springer}
}


@article{cavanagh2020joint,
  title={Joint analysis of frontal theta synchrony and white matter following mild traumatic brain injury},
  author={Cavanagh, James F and Rieger, Rebecca E and Wilson, J Kevin and Gill, Darbi and Fullerton, Lynne and Brandt, Emma and Mayer, Andrew R},
  journal={Brain imaging and behavior},
  volume={14},
  number={6},
  pages={2210--2223},
  year={2020},
  publisher={Springer}
}
# power bands
## aLpha
@article{klimesch1997eeg,
  title={EEG-alpha rhythms and memory processes},
  author={Klimesch, Wolfgang},
  journal={International Journal of psychophysiology},
  volume={26},
  number={1-3},
  pages={319--340},
  year={1997},
  publisher={Elsevier}
}
@article{klimesch1999eeg,
  title={EEG alpha and theta oscillations reflect cognitive and memory performance: a review and analysis},
  author={Klimesch, Wolfgang},
  journal={Brain research reviews},
  volume={29},
  number={2-3},
  pages={169--195},
  year={1999},
  publisher={Elsevier}
}
# theta
@article{boonstra2013effects,
  title={Effects of mnemonic load on cortical activity during visual working memory: linking ongoing brain activity with evoked responses},
  author={Boonstra, Tjeerd W and Powell, Tamara Y and Mehrkanoon, Saeid and Breakspear, Michael},
  journal={International journal of psychophysiology},
  volume={89},
  number={3},
  pages={409--418},
  year={2013},
  publisher={Elsevier}
}
@article{hindriks2013thalamo,
  title={Thalamo-cortical mechanisms underlying changes in amplitude and frequency of human alpha oscillations},
  author={Hindriks, Rikkert and van Putten, Michel JAM},
  journal={Neuroimage},
  volume={70},
  pages={150--163},
  year={2013},
  publisher={Elsevier}
}
# Gamma
@article{howard2003gamma,
  title={Gamma oscillations correlate with working memory load in humans},
  author={Howard, Marc W and Rizzuto, Daniel S and Caplan, Jeremy B and Madsen, Joseph R and Lisman, John and Aschenbrenner-Scheibe, Richard and Schulze-Bonhage, Andreas and Kahana, Michael J},
  journal={Cerebral cortex},
  volume={13},
  number={12},
  pages={1369--1374},
  year={2003},
  publisher={Oxford University Press}
}


# dataset
@dataset{ds003523,
  author = {James F Cavanagh},
  title = {"EEG: Visual Working Memory in Acute TBI"},
  year = {2021},
  doi = {10.18112/openneuro.ds003523.v1.1.0},
  publisher = {OpenNeuro}
}

# r packages
}@Manual{R-base,
  title = {R: A Language and Environment for Statistical Computing},
  author = {{R Core Team}},
  organization = {R Foundation for Statistical Computing},
  address = {Vienna, Austria},
  year = {2020},
  url = {https://www.R-project.org/},
}

@article{delorme2004eeglab,
  title={EEGLAB: an open source toolbox for analysis of single-trial EEG dynamics including independent component analysis},
  author={Delorme, Arnaud and Makeig, Scott},
  journal={Journal of neuroscience methods},
  volume={134},
  number={1},
  pages={9--21},
  year={2004},
  publisher={Elsevier}
}

@Manual{R-papaja,
  title = {{papaja}: {Prepare} reproducible {APA} journal articles with {R Markdown}},
  author = {Frederik Aust and Marius Barth},
  year = {2020},
  note = {R package version 0.1.0.9997},
  url = {https://github.com/crsh/papaja},
}
@Manual{R-tinylabels,
  title = {{tinylabels}: Lightweight Variable Labels},
  author = {Marius Barth},
  year = {2021},
  note = {R package version 0.2.1},
  url = {https://github.com/mariusbarth/tinylabels},
}
@book{luck2014introduction,
  title={An introduction to the event-related potential technique},
  author={Luck, Steven J},
  year={2014},
  publisher={MIT press}
}@Manual{R-bigsplines,
  title = {bigsplines: Smoothing Splines for Large Samples},
  author = {Nathaniel E. Helwig},
  year = {2018},
  note = {R package version 1.1-1},
  url = {https://CRAN.R-project.org/package=bigsplines},
}
@Book{R-car,
  title = {An {R} Companion to Applied Regression},
  edition = {Third},
  author = {John Fox and Sanford Weisberg},
  year = {2019},
  publisher = {Sage},
  address = {Thousand Oaks {CA}},
  url = {https://socialsciences.mcmaster.ca/jfox/Books/Companion/},
}
@Manual{R-carData,
  title = {carData: Companion to Applied Regression Data Sets},
  author = {John Fox and Sanford Weisberg and Brad Price},
  year = {2020},
  note = {R package version 3.0-4},
  url = {https://CRAN.R-project.org/package=carData},
}
@Manual{R-caret,
  title = {caret: Classification and Regression Training},
  author = {Max Kuhn},
  year = {2021},
  note = {R package version 6.0-88},
  url = {https://CRAN.R-project.org/package=caret},
}
@Manual{R-dplyr,
  title = {dplyr: A Grammar of Data Manipulation},
  author = {Hadley Wickham and Romain François and Lionel Henry and Kirill Müller},
  year = {2021},
  note = {R package version 1.0.6},
  url = {https://CRAN.R-project.org/package=dplyr},
}
@Manual{R-e1071,
  title = {e1071: Misc Functions of the Department of Statistics, Probability
Theory Group (Formerly: E1071), TU Wien},
  author = {David Meyer and Evgenia Dimitriadou and Kurt Hornik and Andreas Weingessel and Friedrich Leisch},
  year = {2021},
  note = {R package version 1.7-7},
  url = {https://CRAN.R-project.org/package=e1071},
}
@Manual{R-edfReader,
  title = {edfReader: Reading EDF(+) and BDF(+) Files},
  author = {Jan Vis},
  year = {2019},
  note = {R package version 1.2.1},
  url = {https://CRAN.R-project.org/package=edfReader},
}
@Manual{R-eegkit,
  title = {eegkit: Toolkit for Electroencephalography Data},
  author = {Nathaniel E. Helwig},
  year = {2018},
  note = {R package version 1.0-4},
  url = {https://CRAN.R-project.org/package=eegkit},
}
@Manual{R-eegkitdata,
  title = {eegkitdata: Data for package eegkit},
  author = {Nathaniel E. Helwig},
  year = {2014},
  note = {R package version 1.0},
  url = {https://CRAN.R-project.org/package=eegkitdata},
}
@Manual{R-forcats,
  title = {forcats: Tools for Working with Categorical Variables (Factors)},
  author = {Hadley Wickham},
  year = {2021},
  note = {R package version 0.5.1},
  url = {https://CRAN.R-project.org/package=forcats},
}
@Manual{R-GGally,
  title = {GGally: Extension to 'ggplot2'},
  author = {Barret Schloerke and Di Cook and Joseph Larmarange and Francois Briatte and Moritz Marbach and Edwin Thoen and Amos Elberg and Jason Crowley},
  year = {2021},
  note = {R package version 2.1.1},
  url = {https://CRAN.R-project.org/package=GGally},
}
@Book{R-ggplot2,
  author = {Hadley Wickham},
  title = {ggplot2: Elegant Graphics for Data Analysis},
  publisher = {Springer-Verlag New York},
  year = {2016},
  isbn = {978-3-319-24277-4},
  url = {https://ggplot2.tidyverse.org},
}
@Manual{R-gsw,
  title = {gsw: Gibbs Sea Water Functions},
  author = {Dan Kelley and Clark Richards and WG127 SCOR/IAPSO},
  year = {2017},
  note = {R package version 1.0-5},
  url = {https://CRAN.R-project.org/package=gsw},
}
@Manual{R-ica,
  title = {ica: Independent Component Analysis},
  author = {Nathaniel E. Helwig},
  year = {2018},
  note = {R package version 1.0-2},
  url = {https://CRAN.R-project.org/package=ica},
}
@Article{R-kernlab,
  title = {kernlab -- An {S4} Package for Kernel Methods in {R}},
  author = {Alexandros Karatzoglou and Alex Smola and Kurt Hornik and Achim Zeileis},
  journal = {Journal of Statistical Software},
  year = {2004},
  volume = {11},
  number = {9},
  pages = {1--20},
  url = {http://www.jstatsoft.org/v11/i09/},
}
@Book{R-lattice,
  title = {Lattice: Multivariate Data Visualization with R},
  author = {Deepayan Sarkar},
  publisher = {Springer},
  address = {New York},
  year = {2008},
  note = {ISBN 978-0-387-75968-5},
  url = {http://lmdvr.r-forge.r-project.org},
}
@Manual{R-oce,
  title = {oce: Analysis of Oceanographic Data},
  author = {Dan Kelley and Clark Richards},
  year = {2021},
  note = {R package version 1.4-0},
  url = {https://CRAN.R-project.org/package=oce},
}
@Manual{R-pacman,
  title = {{pacman}: {P}ackage Management for {R}},
  author = {Tyler W. Rinker and Dason Kurkiewicz},
  address = {Buffalo, New York},
  note = {version 0.5.0},
  year = {2018},
  url = {http://github.com/trinker/pacman},
}
@Article{R-plyr,
  title = {The Split-Apply-Combine Strategy for Data Analysis},
  author = {Hadley Wickham},
  journal = {Journal of Statistical Software},
  year = {2011},
  volume = {40},
  number = {1},
  pages = {1--29},
  url = {http://www.jstatsoft.org/v40/i01/},
}
@Manual{R-pracma,
  title = {pracma: Practical Numerical Math Functions},
  author = {Hans W. Borchers},
  year = {2021},
  note = {R package version 2.3.3},
  url = {https://CRAN.R-project.org/package=pracma},
}
@Manual{R-psych,
  title = {psych: Procedures for Psychological, Psychometric, and Personality Research},
  author = {William Revelle},
  organization = { Northwestern University},
  address = { Evanston, Illinois},
  year = {2021},
  note = {R package version 2.1.3},
  url = {https://CRAN.R-project.org/package=psych},
}
@Manual{R-purrr,
  title = {purrr: Functional Programming Tools},
  author = {Lionel Henry and Hadley Wickham},
  year = {2020},
  note = {R package version 0.3.4},
  url = {https://CRAN.R-project.org/package=purrr},
}
@Manual{R-quadprog,
  title = {quadprog: Functions to Solve Quadratic Programming Problems},
  author = {S original by Berwin A. Turlach R port by Andreas Weingessel <Andreas.Weingessel@ci.tuwien.ac.at> Fortran contributions from Cleve Moler dpodi/LINPACK)},
  year = {2019},
  note = {R package version 1.5-8},
  url = {https://CRAN.R-project.org/package=quadprog},
}
@Article{R-randomForest,
  title = {Classification and Regression by randomForest},
  author = {Andy Liaw and Matthew Wiener},
  journal = {R News},
  year = {2002},
  volume = {2},
  number = {3},
  pages = {18-22},
  url = {https://CRAN.R-project.org/doc/Rnews/},
}
@Manual{R-readr,
  title = {readr: Read Rectangular Text Data},
  author = {Hadley Wickham and Jim Hester},
  year = {2020},
  note = {R package version 1.4.0},
  url = {https://CRAN.R-project.org/package=readr},
}
@Manual{R-rgl,
  title = {rgl: 3D Visualization Using OpenGL},
  author = {Duncan Murdoch and Daniel Adler},
  year = {2021},
  note = {R package version 0.106.8},
  url = {https://CRAN.R-project.org/package=rgl},
}
@Article{R-sf,
  author = {Edzer Pebesma},
  title = {{Simple Features for R: Standardized Support for Spatial Vector Data}},
  year = {2018},
  journal = {{The R Journal}},
  doi = {10.32614/RJ-2018-009},
  url = {https://doi.org/10.32614/RJ-2018-009},
  pages = {439--446},
  volume = {10},
  number = {1},
}
@Manual{R-signal,
  title = {{signal}: Signal processing},
  author = {{signal developers}},
  year = {2014},
  url = {http://r-forge.r-project.org/projects/signal/},
}
@Manual{R-stringr,
  title = {stringr: Simple, Consistent Wrappers for Common String Operations},
  author = {Hadley Wickham},
  year = {2019},
  note = {R package version 1.4.0},
  url = {https://CRAN.R-project.org/package=stringr},
}
@Article{R-testthat,
  author = {Hadley Wickham},
  title = {testthat: Get Started with Testing},
  journal = {The R Journal},
  year = {2011},
  volume = {3},
  pages = {5--10},
  url = {https://journal.r-project.org/archive/2011-1/RJournal_2011-1_Wickham.pdf},
}
@Manual{R-tibble,
  title = {tibble: Simple Data Frames},
  author = {Kirill Müller and Hadley Wickham},
  year = {2021},
  note = {R package version 3.1.2},
  url = {https://CRAN.R-project.org/package=tibble},
}
@Manual{R-tidyr,
  title = {tidyr: Tidy Messy Data},
  author = {Hadley Wickham},
  year = {2021},
  note = {R package version 1.1.3},
  url = {https://CRAN.R-project.org/package=tidyr},
}
@Article{R-tidyverse,
  title = {Welcome to the {tidyverse}},
  author = {Hadley Wickham and Mara Averick and Jennifer Bryan and Winston Chang and Lucy D'Agostino McGowan and Romain François and Garrett Grolemund and Alex Hayes and Lionel Henry and Jim Hester and Max Kuhn and Thomas Lin Pedersen and Evan Miller and Stephan Milton Bache and Kirill Müller and Jeroen Ooms and David Robinson and Dana Paige Seidel and Vitalie Spinu and Kohske Takahashi and Davis Vaughan and Claus Wilke and Kara Woo and Hiroaki Yutani},
  year = {2019},
  journal = {Journal of Open Source Software},
  volume = {4},
  number = {43},
  pages = {1686},
  doi = {10.21105/joss.01686},
}
@Manual{R-ggpubr,
  title = {ggpubr: 'ggplot2' Based Publication Ready Plots},
  author = {Alboukadel Kassambara},
  year = {2020},
  note = {R package version 0.4.0},
  url = {https://CRAN.R-project.org/package=ggpubr},
}
@Manual{R-janitor,
  title = {janitor: Simple Tools for Examining and Cleaning Dirty Data},
  author = {Sam Firke},
  year = {2021},
  note = {R package version 2.1.0},
  url = {https://CRAN.R-project.org/package=janitor},
}
@Manual{R-openxlsx,
  title = {openxlsx: Read, Write and Edit xlsx Files},
  author = {Philipp Schauberger and Alexander Walker},
  year = {2020},
  note = {R package version 4.2.3},
  url = {https://CRAN.R-project.org/package=openxlsx},
}
@Manual{R-pander,
  title = {pander: An R 'Pandoc' Writer},
  author = {Gergely Daróczi and Roman Tsegelskyi},
  year = {2021},
  note = {R package version 0.6.4},
  url = {https://CRAN.R-project.org/package=pander},
}
@Manual{R-apaTables,
  title = {apaTables: Create American Psychological Association (APA) Style Tables},
  author = {David Stanley},
  year = {2021},
  note = {R package version 2.0.8},
  url = {https://CRAN.R-project.org/package=apaTables},
}
@Manual{R-ez,
  title = {ez: Easy Analysis and Visualization of Factorial Experiments},
  author = {Michael A. Lawrence},
  year = {2016},
  note = {R package version 4.4-0},
  url = {https://CRAN.R-project.org/package=ez},
}
@Article{R-plotrix,
  year = {2006},
  title = {Plotrix: a package in the red light district of R},
  journal = {R-News},
  volume = {6},
  number = {4},
  pages = {8-12},
  author = {Lemon J},
}
